/home/slemaign/work/biblio/biblio_phd_severin.bib